@online{site:sito-zero12,
    title   = {Sito Zero12},
    note    = {\url{https://www.zero12.it} {(Visitato il 23/07/2024)}},
}

@online{site:sito-VarGroup,
    title   = {Sito VarGroup},
    note    = {\url{https://www.vargroup.com} {(Visitato il 23/07/2024)}},
}

@online{site:AWS-Lambda,
    title = {AWS Lambda},
    note  = {\url{https://docs.aws.amazon.com/lambda/latest/dg/welcome.html} {(Visitato il 23/07/2024)}},
}

@online{site:AWS-ApiGateway,
    title = {AWS API Gateway},
    note  = {\url{https://docs.aws.amazon.com/apigateway/latest/developerguide/welcome.html} {(Visitato il 23/07/2024)}},
}

@online{site:AWS-Bedrock,
    title = {AWS Bedrock},
    note  = {\url{https://docs.aws.amazon.com/bedrock/latest/userguide/what-is-bedrock.html} {(Visitato il 23/07/2024)}},
}

@online{site:Serverless-Framework,
    title = {Serverless Framework},
    note  = {\url{https://www.serverless.com/framework/docs} {(Visitato il 23/07/2024)}},
}